@INBOOK{lichunbao-2003,
  author =       {Àî´ºÝá},
  title =        {ï¿½ï¿½ï¿½Ý½á¹¹ï¿½ï¿½ï¿½ï¿½Ö¸ï¿½ï¿½},
  chapter =      {6.2.3},
  pages =        {147},
  publisher =    {ï¿½å»ªï¿½ï¿½Ñ§ï¿½ï¿½ï¿½ï¿½ï¿½ï¿½},
  year =         {2003},
}

@BOOK{wangxiaodong-2003,
  author =       {ÍõÏþ¶«},
  title =        {ï¿½ï¿½ï¿½Ý½á¹¹ï¿½ï¿½ï¿½ã·¨},
  publisher =    {ï¿½ßµÈ½ï¿½ï¿½ï¿½ï¿½ï¿½ï¿½ï¿½ï¿½ï¿½},
  year =         {2003},
}

@BOOK{yinrenkun-2003,
  author =       {ÒóÈËÀ¥},
  title =        {Êý¾Ý½á¹¹},
  publisher =    {Çå»ª´óÑ§³ö°æÉç},
  year =         {2003},

}