@BOOK{wujun-2008,
author ="吴军",
title="数学之美",
year="2008"
}