@book{统计学习方法,
author ="李航",
year="2012",
title="统计学习方法",
publisher ="清华大学出版社",
pages = "162--165"
}

@book{概率论-茆,
author ="茆诗松",
year="2011",
title="概率论与数理统计 第二版",
publisher ="高等教育出版社",
pages = "313--315"
}