@MASTERSTHESIS{tof-ref,
  author =       {段志坚},
  title =        {基于3D-TOF图像传感器采集系统的设计与实现},
  school =       {湘潭大学},
  year =         {2015},
}


@MASTERSTHESIS{face-structure,
  author =       {万美婷},
  title =        {基于面结构光的航空发动机叶片三维测量研究},
  school =       {南昌航空大学},
  year =         {2012},
}